% Encoding: UTF-8

@Book{Carrillo2006,
  title     = {Abstracci{\'o}n y estructuras de datos en C++},
  publisher = {Delta},
  year      = {2006},
  author    = {Carrillo, A.G. and Fern{\'a}ndez-Valdivia, J.},
  isbn      = {9788496477261},
  url       = {https://books.google.es/books?id=qXoVzD23DBsC},
}

@Book{friedman2011problem,
  title     = {Problem Solving, Abstraction, and Design using C++},
  publisher = {Pearson Education},
  year      = {2011},
  author    = {Friedman, F.L. and Koffman, E.B.},
  isbn      = {9780133001327},
  url       = {https://books.google.es/books?id=pa0rAAAAQBAJ},
}

@Book{koffman2006objects,
  title     = {Objects, abstraction, data structures and design using C++},
  publisher = {John Wiley \& Sons, Inc.},
  year      = {2006},
  author    = {Koffman, E.B. and Wolfgang, P.A.T.},
  isbn      = {9780471467557},
  lccn      = {2005021403},
  url       = {https://books.google.es/books?id=F5VQAAAAMAAJ},
}

@Comment{jabref-meta: databaseType:bibtex;}
